%% This BibTeX bibliography file was created using BibDesk.
%% https://bibdesk.sourceforge.io/

%% Created for Joshua Himmens at 2022-04-12 12:55:49 -0600 


%% Saved with string encoding Unicode (UTF-8) 



@book{dennett_2014,
	author = {Dennett, Daniel C.},
	place = {London},
	publisher = {Penguin books},
	title = {Intuition pumps and other tools for thinking},
	year = {2014}}

@book{hammack_2018,
	author = {Hammack, Richard H.},
	place = {Richmond},
	publisher = {Richard Hammack},
	title = {Book of proof},
	year = {2018}}

@book{zach_burns_hagg_qian_2020,
	author = {Zach, Richard and Burns, Samara and H{\"a}gg, Dana and Qian, Zesen},
	place = {Calgary, AB},
	publisher = {University of Calgary},
	title = {What if? An Open Introduction to Non-Classical Logics},
	year = {2020}}

@misc{aloni_2016,
	author = {Aloni, Maria},
	journal = {Stanford Encyclopedia of Philosophy},
	month = {Mar},
	publisher = {Metaphysics Research Lab, Stanford University},
	title = {Disjunction},
	url = {https://plato.stanford.edu/entries/disjunction/#DisjQuanLogi},
	year = {2016},
	bdsk-url-1 = {https://plato.stanford.edu/entries/disjunction/#DisjQuanLogi}}

@misc{gottwald_2015,
	author = {Gottwald, Siegfried},
	journal = {Stanford Encyclopedia of Philosophy},
	month = {Mar},
	publisher = {Metaphysics Research Lab, Stanford University},
	title = {Many-valued logic},
	url = {https://plato.stanford.edu/entries/logic-manyvalued/#LukLog},
	year = {2015},
	bdsk-url-1 = {https://plato.stanford.edu/entries/logic-manyvalued/#LukLog}}

@misc{schaffer_2018,
	author = {Schaffer, Jonathan},
	journal = {Stanford Encyclopedia of Philosophy},
	month = {Dec},
	publisher = {Metaphysics Research Lab, Stanford University},
	title = {Monism},
	url = {https://plato.stanford.edu/entries/monism/},
	year = {2018},
	bdsk-url-1 = {https://plato.stanford.edu/entries/monism/}}

@misc{wyatt_2021,
	author = {Wyatt, Nicole},
	journal = {A very brief introduction to non-classical logic},
	month = {Dec},
	place = {Calgary},
	publisher = {Western Canada High School via Google Meets},
	year = {2021}}
