 @book{dennett_2014, place={London}, title={Intuition pumps and other tools for thinking}, publisher={Penguin books}, author={Dennett, Daniel C.}, year={2014}} 
 @book{hammack_2018, place={Richmond}, title={Book of proof}, publisher={Richard Hammack}, author={Hammack, Richard H.}, year={2018}} 
 @book{zach_burns_hägg_qian_2020, place={Calgary, AB}, title={What if? An Open Introduction to Non-Classical Logics}, publisher={University of Calgary}, author={Zach, Richard and Burns, Samara and Hägg, Dana and Qian, Zesen}, year={2020}} 
 @misc{aloni_2016, title={Disjunction}, url={https://plato.stanford.edu/entries/disjunction/#DisjQuanLogi}, journal={Stanford Encyclopedia of Philosophy}, publisher={Metaphysics Research Lab, Stanford University}, author={Aloni, Maria}, year={2016}, month={Mar}} 
 @misc{gottwald_2015, title={Many-valued logic}, url={https://plato.stanford.edu/entries/logic-manyvalued/#LukLog}, journal={Stanford Encyclopedia of Philosophy}, publisher={Metaphysics Research Lab, Stanford University}, author={Gottwald, Siegfried}, year={2015}, month={Mar}} 
 @misc{schaffer_2018, title={Monism}, url={https://plato.stanford.edu/entries/monism/}, journal={Stanford Encyclopedia of Philosophy}, publisher={Metaphysics Research Lab, Stanford University}, author={Schaffer, Jonathan}, year={2018}, month={Dec}} 
 @misc{wyatt_2021, place={Calgary}, journal={A very brief introduction to non-classical logic}, publisher={Western Canada High School via Google Meets}, author={Wyatt, Nicole}, year={2021}, month={Dec}} 